@inproceedings{agon:hal-01106194,
  TITLE = {{Representation and Rendering of Rhythmic Structures}},
  AUTHOR = {Agon, Carlos and Haddad, Karim and Assayag, G{\'e}rard},
  URL = {https://hal.archives-ouvertes.fr/hal-01106194},
  NOTE = {                            cote interne IRCAM: Agon02b},
  BOOKTITLE = {{WedelMusic 2002}},
  ADDRESS = {NA, France},
  PAGES = {-},
  YEAR = {2002},
  KEYWORDS = {NA},
  HAL_ID = {hal-01106194},
  HAL_VERSION = {v1},
}


@misc{ musicxml,
  author = "MusicXML",
  url = "https://www.musicxml.com/",
}

@misc{ dom,
  author = "W3C",
  title = "Document Object Model (DOM)",
  url = "https://www.w3.org/DOM/"
}

@misc{ xml_w3c,
  author = "W3C",
  title = "Extensible Markup Language (XML)",
  url = "https://www.w3.org/XML/"
}

@misc{ xml_ocr,
  author = "OpenClassrooms",
  title = "Structurez vos donn√©es avec XML",
  url = "https://openclassrooms.com/courses/structurez-vos-donnees-avec-xml"
}

@Book{ relax_ng,
  ALTauthor = {Eric van der Vlist},
  title = {RELAX NG - A Simpler Schema Language for XML},
  publisher = {O'Reilly Media},
  year = {2003}
}

@misc{ trang,
  author = "Thaio Open Source",
  title = "Trang",
  url = "http://www.thaiopensource.com/relaxng/trang.html"
}

@misc{ jing,
  author = "Thaio Open Source",
  title = "Jing",
  url = "http://www.thaiopensource.com/relaxng/jing.html"
}

@misc{ sax_oracle,
  author = "Oracle",
  title = "Simple API for XML",
  url = "https://docs.oracle.com/javase/tutorial/jaxp/sax/index.html"
}

@misc{ sax_website,
  url = "http://www.saxproject.org/"
}

@misc{ openmusic,
  author = "IRCAM",
  url = "http://repmus.ircam.fr/openmusic/home"
}
